@ARTICLE{borovicka_et_al_2011,
  title={Risk-price dynamics},
  author={Borovi{\v{c}}ka, Jaroslav and Hansen, Lars Peter and Hendricks, Mark and Scheinkman, Jos{\'e} A},
  journal={Journal of Financial Econometrics},
  year={2011},

}

@ARTICLE{Borovicka-Hansen-2016,
  title={Term structure of uncertainty in the macroeconomy},
  author={Borovi{\v{c}}ka, Jaroslav and Hansen, Lars Peter},
  journal={Handbook of Macroeconomics},
  volume={2},
  pages={1641--1696},
  year={2016},
  publisher={Elsevier}
}

@ARTICLE{Borovicka-Hansen-Scheinkman-2014,
    author = {Borovi{\v c}ka, Jaroslav, and Hansen, Lars Peter, and Scheinkman, Jos{\' e} A.},
    title = {{Shock elasticities and impulse responses}},
    journal = {Mathematics and Financial Economics},
    volume = "8",
    year = {2014},
    page = {333-354}
}

@ARTICLE{Hansen-2012,
    author = {Hansen, Lars Peter},
    title = {{Dynamic Valuation Decomposition within Stochastic Economies}},
    journal = {Econometrica},
    volume = "80",
    year = {2012},
    page = {911-967}
}

@ARTICLE{HK2013,
    author = {He, Zhiguo, and Krishnamurthy, Arvind},
    title = {{Intermediary Asset Pricing}},
    journal = {The American Economic Review},
    volume = "103(2)",
    year = {2013},
    page = {732-770}
}

@ARTICLE{bansal_yaron,
  title={Risks For the Long Run: A Potential Resolution of Asset Pricing Puzzles},
  author={Bansal, Ravi, and Yaron, Amir},
  journal={Journal of Finance},
  year={2004},

}

@ARTICLE{HHLR,
  title={Intertemporal Substitution and Risk Aversion},
  author={Hansen, Lars Peter, and Heaton, John, and Lee, Junghoon and Roussanov, Nikolai},
  journal={Handbook of Econometrics, Volume 6A},
  year={2007},

}


@unpublished{HKT,
  title={Comparative Valuation Dynamics in Models with Financing Restrictions},
  author={Hansen, Lars Peter, and Khorrami, Paymon, and Tourre, Fabrice},
  note    = "Working Paper",
  year={2018}
}


@ARTICLE{eigenweb,
  author = {Ga\"{e}l Guennebaud and Beno\^{i}t Jacob and others},
  title = {Eigen v3},
  year = {2010},
  note = {http://eigen.tuxfamily.org}
 }
 
@ARTICLE {BS2014,
	title = {A Macroeconomic Model with a Financial Sector},
	journal = {American Economic Review},
	volume = {104},
	number = {2},
	year = {2014},
	pages = {379-421},
	author = {Markus K. Brunnermeier and Sannikov, Yuliy}
}

@article{pardiso-6.0a,
        author = {De Coninck, Arne and De Baets, Bernard and Kourounis, Drosos and Verbosio, Fabio and Schenk, Olaf and Maenhout, Steven and Fostier, Jan},
        title = {Needles: Toward Large-Scale Genomic Prediction with Marker-by-Environment Interaction},
        volume = {203},
        number = {1},
        pages = {543--555},
        year = {2016},
        doi = {10.1534/genetics.115.179887},
        publisher = {Genetics},
        issn = {0016-6731},
        url={http://dx.doi.org/10.1534/genetics.115.179887},
        eprint = {http://www.genetics.org/content/203/1/543.full.pdf},
}

@article{pardiso-6.0b,
	author = "Fabio Verbosio and Arne De Coninck and Drosos Kourounis and Olaf Schenk",
	title = "Enhancing the scalability of selected inversion factorization algorithms in genomic prediction",
	journal = "Journal of Computational Science",
	volume = "22",
	number = "Supplement C",
	pages = "99 - 108",
	year = "2017",
	issn = "1877-7503",
	url = "https://doi.org/10.1016/j.jocs.2017.08.013",
}

@ARTICLE{pardiso-6.0c,
	author={D. Kourounis and A. Fuchs and O. Schenk},
	journal={IEEE Transactions on Power Systems},
	title={Towards the Next Generation of Multiperiod Optimal Power Flow Solvers},
	year={2018},
	volume={PP},
	number={99},
	pages={1-10},
	keywords={Artificial neural networks;Optimization;Planning;Multiperiod optimal power flow;interior point methods;power system planning},
	doi={10.1109/TPWRS.2017.2789187},
	url={https://doi.org/10.1109/TPWRS.2017.2789187},
	ISSN={0885-8950},
	month={},
}